
@Article{chow:68,
  author = 	 {C. K. Chow and C. N. Liu},
  title = 	 {Approximating discrete probability distributions with dependence trees},
  journal = 	 {IEEE Transactions on Information Theory},
  year = 	 {1968},
  volume = 	 {IT-14},
  number = 	 {3},
  pages = 	 {462--467}}


@Book{pearl:88,
  author = 	 {Judea Pearl},
  title = 	 {Probabilistic {R}easoning in {I}ntelligent {S}ystems: 
		  {N}etworks of {P}lausible {I}nference},
  publisher = 	 {Morgan Kaufman Publishers},
  year = 	 {1988},
  address = 	 {San Mateo, CA}
}


@article{shannon1948mathematical,
	title={A mathematical theory of communication},
	author={Shannon, Claude E},
	journal={The Bell system technical journal},
	volume={27},
	number={3},
	pages={379--423},
	year={1948},
	publisher={Nokia Bell Labs}
}

@article{wu2004probability,
	title={Probability estimates for multi-class classification by pairwise coupling},
	author={Wu, Ting-Fan and Lin, Chih-Jen and Weng, Ruby C},
	journal={Journal of Machine Learning Research},
	volume={5},
	number={Aug},
	pages={975--1005},
	year={2004}
}

@article{hastie1998classification,
	title={Classification by pairwise coupling},
	author={Hastie, Trevor and Tibshirani, Robert},
	journal={Ann. Statist.},
	volume={26},
	number={3},
	pages={451--471},
	year={1998}
}

@article{brier1950verification,
	title={Verification of forecasts expressed in terms of probability},
	author={Brier, Glenn W},
	journal={Monthly weather review},
	volume={78},
	number={1},
	pages={1--3},
	year={1950}
}

@article{selten1998axiomatic,
	title={Axiomatic characterization of the quadratic scoring rule},
	author={Selten, Reinhard},
	journal={Experimental Economics},
	volume={1},
	pages={43--61},
	year={1998},
	publisher={Springer}
}

@article{vsuch2016bayes,
	title={Bayes covariant multi-class classification},
	author={{\v{S}}uch, Ondrej and Barreda, Santiago},
	journal={Pattern Recognition Letters},
	volume={84},
	pages={99--106},
	year={2016},
	publisher={Elsevier}
}

@book{james2013introduction,
	title={An introduction to statistical learning},
	author={James, Gareth and Witten, Daniela and Hastie, Trevor and Tibshirani, Robert and others},
	volume={112},
	number={1},
	year={2013},
	address = {New York}
	publisher={Springer}
}

@article{buja2005loss,
	title={Loss functions for binary class probability estimation and classification: Structure and applications},
	author={Buja, Andreas and Stuetzle, Werner and Shen, Yi},
	journal={Working draft, November},
	volume={3},
	pages={13},
	year={2005}
}

@article{gneiting2007strictly,
	title={Strictly proper scoring rules, prediction, and estimation},
	author={Gneiting, Tilmann and Raftery, Adrian E},
	journal={Journal of the American statistical Association},
	volume={102},
	number={477},
	pages={359--378},
	year={2007},
	publisher={Taylor \& Francis}
}

@article{vsuch2015new,
	title={A new method to combine probability estimates from pairwise binary classifiers},
	author={{\v{S}}uch, Ondrej and Benu{\v{s}}, {\v{S}}tefan and Tinajov{\'a}, Andrea},
	journal={rmj},
	volume={1},
	pages={12},
	year={2015}
}

@article{garg2020unified,
	title={A unified view of label shift estimation},
	author={Garg, Saurabh and Wu, Yifan and Balakrishnan, Sivaraman and Lipton, Zachary},
	journal={Advances in Neural Information Processing Systems},
	volume={33},
	pages={3290--3300},
	year={2020}
}

@article{tasche2017fisher,
	title={Fisher consistency for prior probability shift},
	author={Tasche, Dirk},
	journal={Journal of Machine Learning Research},
	volume={18},
	number={95},
	pages={1--32},
	year={2017}
}

@article{kressel19991999,
	title={1999 Pairwise Classification and Support Vector Machines},
	author={Kressel, U},
	journal={Advances in Kernel Methods: Support Vector Learning, Cambridge, MA, USA},
	year={1999}
}

@article{barnard1935secular,
	title={The secular variations of skull characters in four series of Egyptian skulls},
	author={Barnard, Mildred M},
	journal={Annals of Eugenics},
	volume={6},
	number={4},
	pages={352--371},
	year={1935},
	publisher={Wiley Online Library}
}

@article{martin1936study,
	title={A study of an Egyptian series of mandibles, with special reference to mathematical methods of sexing},
	author={Martin, ES},
	journal={Biometrika},
	volume={28},
	number={1/2},
	pages={149--178},
	year={1936},
	publisher={JSTOR}
}


@article{galar2011overview,
	title={An overview of ensemble methods for binary classifiers in multi-class problems: Experimental study on one-vs-one and one-vs-all schemes},
	author={Galar, Mikel and Fern{\'a}ndez, Alberto and Barrenechea, Edurne and Bustince, Humberto and Herrera, Francisco},
	journal={Pattern Recognition},
	volume={44},
	number={8},
	pages={1761--1776},
	year={2011},
	publisher={Elsevier}
}

@inproceedings{vsipka2022hitchhiker,
  title={The hitchhiker's guide to prior-shift adaptation},
  author={{\v{S}}ipka, Tom{\'a}{\v{s}} and {\v{S}}ulc, Milan and Matas, Ji{\v{r}}{\'\i}},
  booktitle={Proceedings of the IEEE/CVF Winter Conference on Applications of Computer Vision},
  pages={1516--1524},
  year={2022}
}


@inproceedings{lipton2018detecting,
  title={Detecting and correcting for label shift with black box predictors},
  author={Lipton, Zachary and Wang, Yu-Xiang and Smola, Alexander},
  booktitle={International conference on machine learning},
  pages={3122--3130},
  year={2018},
  organization={PMLR}
}


@book{zhang2023dive,
  title={Dive into deep learning},
  author={Zhang, Aston and Lipton, Zachary C and Li, Mu and Smola, Alexander J},
  year={2023},
  address = {Cambridge},
  publisher={Cambridge University Press}
}


@article{sugiyama2007covariate,
  title={Covariate shift adaptation by importance weighted cross validation.},
  author={Sugiyama, Masashi and Krauledat, Matthias and M{\"u}ller, Klaus-Robert},
  journal={Journal of Machine Learning Research},
  volume={8},
  number={5},
  year={2007}
}

@incollection{refregier1991probabilistic,
	title={Probabilistic approach for multiclass classification with neural networks},
	author={Refregier, Philippe and Vallet, Fran{\c{c}}ois},
	booktitle={Artificial Neural Networks},
	pages={1003--1006},
	year={1991},
	address = {Amsterdam},
	publisher={Elsevier}
}

@article{price1994pairwise,
	title={Pairwise neural network classifiers with probabilistic outputs},
	author={Price, David and Knerr, Stefan and Personnaz, L{\'e}on and Dreyfus, G{\'e}rard},
	journal={Advances in neural information processing systems},
	volume={7},
	year={1994}
}

@article{zahorian1999partitioned,
	title={A partitioned neural network approach for vowel classification using smoothed time/frequency features},
	author={Zahorian, Stephen A and Nossair, Zaki B},
	journal={IEEE Transactions on Speech and Audio Processing},
	volume={7},
	number={4},
	pages={414--425},
	year={1999},
	publisher={IEEE}
}

